<record><leader>00000cas a22000007a 4500</leader><controlfield tag="001">34595118</controlfield><controlfield tag="008">960418d19801982azucr ne      0    0eng d</controlfield><datafield ind1=" " ind2=" " tag="010"><subfield code="a">sn 96060776 </subfield></datafield><datafield ind1=" " ind2=" " tag="040"><subfield code="a">ANN</subfield><subfield code="b">eng</subfield><subfield code="c">ANN</subfield><subfield code="d">OCLCQ</subfield><subfield code="d">OCLCF</subfield><subfield code="d">OCLCO</subfield></datafield><datafield ind1="1" ind2=" " tag="029"><subfield code="a">AU@</subfield><subfield code="b">000012366808</subfield></datafield><datafield ind1=" " ind2=" " tag="042"><subfield code="a">msc</subfield></datafield><datafield ind1=" " ind2=" " tag="043"><subfield code="a">n-us-az</subfield></datafield><datafield ind1="0" ind2=" " tag="130"><subfield code="a">International (Nogales, Ariz. : 1980)</subfield></datafield><datafield ind1="1" ind2="0" tag="245"><subfield code="a">International.</subfield></datafield><datafield ind1="1" ind2="3" tag="246"><subfield code="a">Nogales international</subfield></datafield><datafield ind1=" " ind2=" " tag="260"><subfield code="a">Nogales, Ariz. :</subfield><subfield code="b">International Pub. Co.,</subfield><subfield code="c">1980-1982.</subfield></datafield><datafield ind1=" " ind2=" " tag="300"><subfield code="a">v. :</subfield><subfield code="b">ill.</subfield></datafield><datafield ind1=" " ind2=" " tag="310"><subfield code="a">Semiweekly</subfield></datafield><datafield ind1="0" ind2=" " tag="362"><subfield code="a">55th Year, no. 289 (Oct. 22, 1980)-57th year, no. 42 (Dec. 29, 1982).</subfield></datafield><datafield ind1=" " ind2="0" tag="651"><subfield code="a">Nogales (Ariz.)</subfield><subfield code="v">Newspapers.</subfield></datafield><datafield ind1=" " ind2="0" tag="651"><subfield code="a">Santa Cruz County (Ariz.)</subfield><subfield code="v">Newspapers.</subfield></datafield><datafield ind1=" " ind2="7" tag="655"><subfield code="a">Newspapers.</subfield><subfield code="2">fast</subfield><subfield code="0">(OCoLC)fst01423814</subfield></datafield><datafield ind1=" " ind2="7" tag="651"><subfield code="a">Arizona</subfield><subfield code="z">Nogales.</subfield><subfield code="2">fast</subfield><subfield code="0">(OCoLC)fst01209594</subfield></datafield><datafield ind1=" " ind2="7" tag="651"><subfield code="a">Arizona</subfield><subfield code="z">Santa Cruz County.</subfield><subfield code="2">fast</subfield><subfield code="0">(OCoLC)fst01207404</subfield></datafield><datafield ind1=" " ind2=" " tag="752"><subfield code="a">United States</subfield><subfield code="b">Arizona</subfield><subfield code="c">Santa Cruz</subfield><subfield code="d">Nogales.</subfield></datafield><datafield ind1="0" ind2="0" tag="780"><subfield code="t">Nogales daily international</subfield><subfield code="w">(DLC)sn 96060775</subfield></datafield><datafield ind1="0" ind2="0" tag="785"><subfield code="t">Nogales international (Nogales, Ariz. : 1983)</subfield><subfield code="w">(DLC)sn 96060777</subfield></datafield></record>